@software{kelsey_jordahl_2021_5573592,
  author       = {Kelsey Jordahl and
                  Joris Van den Bossche and
                  Martin Fleischmann and
                  James McBride and
                  Jacob Wasserman and
                  Adrian Garcia Badaracco and
                  Jeffrey Gerard and
                  Alan D. Snow and
                  Jeff Tratner and
                  Matthew Perry and
                  Carson Farmer and
                  Geir Arne Hjelle and
                  Micah Cochran and
                  Sean Gillies and
                  Lucas Culbertson and
                  Matt Bartos and
                  Brendan Ward and
                  Giacomo Caria and
                  Mike Taves and
                  Nick Eubank and
                  sangarshanan and
                  John Flavin and
                  Matt Richards and
                  Sergio Rey and
                  maxalbert and
                  Aleksey Bilogur and
                  Christopher Ren and
                  Dani Arribas-Bel and
                  Daniel Mesejo-Le√≥n and
                  Leah Wasser},
  title        = {geopandas/geopandas: v0.10.2},
  month        = oct,
  year         = 2021,
  publisher    = {Zenodo},
  version      = {v0.10.2},
  doi          = {10.5281/zenodo.5573592},
  url          = {https://doi.org/10.5281/zenodo.5573592}
}

@software{jeff_reback_2022_5893288,
  author       = {Jeff Reback and
                  jbrockmendel and
                  Wes McKinney and
                  Joris Van den Bossche and
                  Tom Augspurger and
                  Phillip Cloud and
                  Simon Hawkins and
                  Matthew Roeschke and
                  gfyoung and
                  Sinhrks and
                  Adam Klein and
                  Patrick Hoefler and
                  Terji Petersen and
                  Jeff Tratner and
                  Chang She and
                  William Ayd and
                  Shahar Naveh and
                  Marc Garcia and
                  JHM Darbyshire and
                  Jeremy Schendel and
                  Richard Shadrach and
                  Andy Hayden and
                  Daniel Saxton and
                  Marco Edward Gorelli and
                  Fangchen Li and
                  Matthew Zeitlin and
                  Vytautas Jancauskas and
                  Ali McMaster and
                  Pietro Battiston and
                  Skipper Seabold},
  title        = {pandas-dev/pandas: Pandas 1.4.0},
  month        = jan,
  year         = 2022,
  publisher    = {Zenodo},
  version      = {v1.4.0},
  doi          = {10.5281/zenodo.5893288},
  url          = {https://doi.org/10.5281/zenodo.5893288}
}


@inproceedings{seabold2010statsmodels,
  title={statsmodels: Econometric and statistical modeling with python},
  author={Seabold, Skipper and Perktold, Josef},
  booktitle={9th Python in Science Conference},
  year={2010},
}

@misc{ANOVA,
	title={One-way ANOVA Hypothesis Test},
	author={K. Hartmann, J. Krois, B. Waske},
	year={2018},
	url={https://www.geo.fu-berlin.de/en/v/soga/Basics-of-statistics/ANOVA/One-way-ANOVA-Hypothesis-Test/index.html },
}